@Book{ratz:formenlehre,
	author = {Ratz, Erwin},
	title = {Einf√ºhrung in die musikalische Formenlehre},
	publisher = {Universal Edition},
	date = {1973},
	location = {Wien},
	edition = {Dritte, erweiterte und neugestaltete Ausgabe}
}
